@string{cacm = {Communications of the ACM}}
@string{toce = {ACM Transactions on Computing Education}}
@string{icse = {ICSE}} %{{International Conference on Software Engineering}}
@string{icpc = {ICPC}} %{{International Conference on Program Comprehension}}
@string{ifl = {IFL}} % International Symposium ... Functional and Logic Programming
@string{sigcse = {Special Interest Group on Computer Science Education}}
@string{onward = {Onward!}} %{{Symposium on New ideas, new paradigms, and reflections on programming and software (Onward!)}}
@string{vlhcc = {Visual Languages and Human Centric Computing}}
@string{sigchi = {Special Interest Group on Computer--Human Interaction}}
@string{oopsla = {OOPSLA}} %{{ACM SIGPLAN Conference on Object-Oriented Programming Systems, Languages and Applications}}
@string{pacmpl = {PACMPL}}
@string{jecr = {Journal of Educational Computing Research}}
@string{dls = {DLS}} %{"Dynamic Languages Symposium"}
@string{snapl = {SNAPL}} %{"Summit on Advances in Programming Languages"}
@string{fse = {FSE}} %{"{ACM SIGSOFT} International Symposium on the Foundations of Software Engineering"}
@string{flops = {FLOPS}} %{Functional and Logic Programming}
@string{popl = {POPL}} %{{{ACM SIGPLAN} Symposium on Principles of Programming Languages}}
@string{ecoop = {ECOOP}} %{{European Conference on Object-Oriented Programming}}
@string{esop = {ESOP}} %{{European Symposium on Programming}}
@string{icfp = {ICFP}} %{{{ACM SIGPLAN} International Conference on Functional Programming}}
@string{pldi = {PLDI}}
@string{toplas = {Transactions on Programming Languages and Systems}}
@string{hosc = {Higher-Order and Symbolic Computation}}
@string{jfp= {Journal of Functional Programming}}
@string{scp = {Science of Computer Programming}}
@string{sac = {SAC}} %{{{ACM} Symposium on Applied Computing}}
@string{jcss = {Journal of Computer and System Sciences}}
@string{pepm = {PEPM}} %{{{ACM SIGPLAN} Workshop on Partial Evaluation and Semantics-Based Program Manipulation}}
@string{lfp = {LFP}}
@string{vmil = {VMIL}} % virtual machines ... oopsla workshop
@string{tphols = {TPHOLs}} % {Theorem Proving in Higher Order Logics}

@book{mind-storms,
  title = {Mind-Storms: Children, Computers, and Powerful Ideas},
  author = {Seymour Papert},
  year = {1993},
  publisher = {Basic Books},
  address = {New York, NY, USA}
}

@article{natural-programming-project,
  title = {Natural Programming Languages and Environment},
  author = {Brad A. Myers and John F. Pane and Andy Ko},
  journal = cacm,
  year = {2004},
  comment = {http://www.cs.cmu.edu/~NatProg/index.html}
}

@book{abc-language-handbook,
  title = {ABC Programmer's Handbook},
  author = {Leo Geurts},
  year = {2005},
  publisher = {Bosko Books},
}

@inproceedings{quorum-syntax-study,
  author = {Andreas Stefik and Susanna Siebert},
  title = {An Empirical Investigation into Programming Language Syntax},
  booktitle = toce,
  year = {2013},
}
  %publisher = {ACM},

@inproceedings{cohen-kappa,
  author = {Jacob Cohen},
  title = {A Coefficient of Agreement for Nominal Scales},
  year = {1960},
  booktitle = {Educational and Psychological Measurement},
}

@inproceedings{free-marginal-kappa,
  author = {Justus J. Randolph},
  title = {Free-Marginal Multirater Kappa: An Alternative to Fleiss'
           Fixed-Marginal Multirater Kappa},
  year = {2005},
  booktitle = {Joensuu Learning and Instruction Symposium},
}

@inproceedings{fleiss-kappa,
  title = {Measuring Nominal Scale Agreement Among Many Raters},
  author = {Joseph L. Fleiss},
  year = {1971},
  booktitle = {Psychological Bulletin},
}

@inproceedings{study-cpp-lambdas,
  title = {An empirical study on the impact of C++ lambdas and programmer experience},
  author = {Phillip Merlin Uesbeck and Andreas Stefik and Stefan Hanenberg
            and Jan Pedersen and Patrick Daleiden},
  year = {2016},
  booktitle = icse,
}
  %publisher = {ACM},

@inproceedings{type-unsoundness-in-practice,
 author = {Mezzetti, Gianluca and M{\o}ller, Anders and Strocco, Fabio},
 title = {Type Unsoundness in Practice: An Empirical Study of Dart},
 booktitle = dls,
 pages={13--24},
 year = {2016},
} 

@inproceedings{incorrect-ts,
 author = {Feldthaus, Asger and M{\o}ller, Anders},
 title = {Checking Correctness of {TypeScript} Interfaces for {JavaScript} Libraries},
 booktitle = oopsla,
 year = {2014},
 pages = {1--16}
} 

@inproceedings{sta-nt-base-types, 
 author = {St-Amour, Vincent and Toronto, Neil},
 title = {Experience Report: Applying Random Testing to a Base Type Environment},
 booktitle = icfp, 
 year = {2013},
 pages = {351--356}
} 

@inproceedings{study-type-systems,
  title = {Do Static Type Systems Improve the Maintainability
           of Software Systems?: An Empirical Study},
  author = {Sebastian Kleinschmager and Stefan Hanenberg
            and Romain Robbes and \'{E}ric Tanter
            and Andreas Stefik},
  booktitle = icpc,
  pages={153--162},
  year = {2012},
}
  %publisher = {IEEE},

@inproceedings{how-do-programmers-use-optional-typing,
 author = {Souza, Carlos and Figueiredo, Eduardo},
 title = {How Do Programmers Use Optional Typing?: An Empirical Study},
 booktitle = {International Conference on Modularity},
 pages = {109--120},
 year = {2014},
}
 %publisher = {ACM},

@inproceedings{fleury-misconceptions,
  title = {Parameter Passing: The Rules the Students Construct},
  author = {Ann E. Fleury},
  booktitle = sigcse,
  year = {1991},
}
  %publisher = {ACM},

@article{abc-language,
  title = {Designing a Beginners' Programming Language},
  author = {L.J.M. Geurts and L.G.L.T. Meertens},
  journal = {Mathematisch Centrum, Afdeling Informatica},
  year = {1976},
  comment = {http://oai.cwi.nl/oai/asset/9452/9452A.pdf},
  notetoself = {Republished by this institution. I cannot find the original publication.}
}

@inproceedings{mfk-onward-2011,
  title = {Mind Your Language: On Novices' Interactions with Error Messages},
  author = {Guillaume Marceau and Kathi Fisler and Shriram Krishnamurthi},
  booktitle = onward,
  publisher = {{ACM}},
  pages = {3--18},
  year = {2011},
}

@inproceedings{mfk-sigcse-2011,
  author       = {Guillaume Marceau and Kathi Fisler and Shriram Krishnamurthi},
  title        = {Measuring the Effectiveness of Error Messages Designed for Novice Programmers},
  booktitle    = {{SIGCSE}},
  pages        = {499--504},
  publisher    = {{ACM}},
  doi          = {10.1145/1953163.1953308},
  year         = {2011}
}

@inproceedings{ko-learning-barriers,
  title = {Six Learning Barriers in End-User Programming Systems},
  author = {Andrew J. Ko and Brad A. Myers and Htet Htet Aung},
  booktitle = vlhcc,
  publisher = {IEEE},
  year = {2004}
}

@inproceedings{crowdsource-bug-fixes,
  title = {What Would Other Programmers Do?
           Suggesting Solutions to Error Messages},
  author = {Bj\"{o}rn Hartmann},
  booktitle = sigchi,
  year = {2010},
  comment = {http://joelbrandt.org/publications/hartmann_chi2010_what_would_other_programmers_do.pdf}
}
  %publisher = {ACM},

@inproceedings{crowdsource-api-docs,
  title = {Calcite: Completing Code Completion for Constructors Using Crowds},
  author = {Mathew Mooty and Andrew Faulring and Jeffrey Stylos and Brad A. Myers},
  booktitle = vlhcc,
  year = {2010},
  comment = {http://www.cs.cmu.edu/~NatProg/papers/Calcite%20VLHCC%202010%20Final.pdf}
}
  %publisher = {IEEE},

@inproceedings{study-type-systems-mayer,
  title = {An Empirical Study of the Influence of Static Type
           Systems on the Usability of Undocumented Software},
  author = {Clemens Mayer and Stefan Hanenberg and Romain Robbes
            and \'{E}ric Tanter and Andreas Stefik},
  booktitle = oopsla,
  pages={683--702},
  year = {2012},
  comment = {https://pleiad.cl/papers/2012/mayerAl-oopsla2012.pdf}
}
  %publisher = {ACM},

@article{static-typing-on-maintainability,
  title={An empirical study on the impact of static typing on software maintainability},
  author={Stefan Hanenberg and Sebastian Kleinschmager and Romain Robbes and \'{E}ric Tanter
          and Andreas Stefik},
  booktitle={Empirical Software Engineering},
  volume=19,
  number=5,
  pages={1335-1382},
  year={2014},
}
  %publisher={Springer US},

@inproceedings{api-documentation-affect-api-usability,
 author = {Endrikat, Stefan and Hanenberg, Stefan and Robbes, Romain and Stefik, Andreas},
 title = {How Do API Documentation and Static Typing Affect API Usability?},
 booktitle = icse,
 pages={632--642},
 year = {2014},
} 
 %publisher = {ACM},

@misc{wat,
  author = {Bernhardt, Gary},
  year = {2012},
  title = {{Wat}},
  note = {\newline\url{https://www.destroyallsoftware.com/talks/wat}},
  howpublished = {A lightning talk from CodeMash},
}

@inproceedings{print-floats,
 author = {Steele, Jr., Guy L. and White, Jon L.},
 title = {How to Print Floating-point Numbers Accurately},
 booktitle = {Proceedings of the ACM SIGPLAN 1990 Conference on Programming Language Design and Implementation},
 year = {1990},
} 
 %publisher = {ACM},

@inproceedings{sourcing-with-turk,
 author = {Kittur, Aniket and Chi, Ed H. and Suh, Bongwon},
 title = {Crowdsourcing User Studies with Mechanical Turk},
 booktitle = sigchi,
 year = {2008},
}
 %publisher = {ACM},

@article{du-boulay,
  title = {Some Difficulties of Learning to Program},
  author = {Benedict Du Boulay},
  journal = jecr,
  volume = 2,
  number = 1,
  pages = {57--73},
  year = {1986},
}

@techrpt{survey-recursion,
  title = {What's Motivation Got to Do with It? A Survey of Recursion in the Computing Education Literature},
  author = {Amber Settle},
  institution = "{D}e{P}aul {U}niversity",
  journal="Technical Report",
  number="23",
  year = {2014}
}

@phdthesis{sorva-thesis,
  author = {Juha Sorva},
  title = {Visual Program Simulation in Introductory Programming Education},
  school = {{A}alto {U}niversity},
  year = {2012}
}

@phdthesis{heeren-thesis,
  author = {Bastiaan Heeren},
  title = {Top Quality Type Error Messages},
  school = {{Utrecht University}},
  year = {2005}
}

@article{misconceptions-bayman,
  title = {A diagnosis of beginning programmers' misconceptions of BASIC programming statements},
  author = {Piraye Bayman and Richard E. Mayer},
  journal = cacm,
  year = {1983},
}

% Lane misc. papers
@article{Mason-turk,
  title={Conducting behavioral research on {A}mazon's {M}echanical {T}urk},
  author={Mason, Winter and Suri, Siddharth},
  journal={Behavior research methods},
  year={2012},
}
  %publisher={Springer}

@INPROCEEDINGS{Layman-turk, 
author={L. Layman and G. Sigur{\dj}sson},
booktitle={International Symposium on Empirical Software Engineering and Measurement},
title={Using Amazon's Mechanical Turk for User Studies: Eight Things You Need to Know}, 
year={2013},
}
%publisher={ACM}

@misc{betteridges-law,
  title = {Betteridge's law of headlines},
  howpublished = {\url{https://en.wikipedia.org/wiki/Betteridge\%27s_law_of_headlines}},
  year = {2017},
  note = {Accessed: 2017-04-20},
}

@inproceedings{fisler-misconceptions,
  title = {Assessing and Teaching Scope, Mutation, and Aliasing
           in Upper-Level Undergraduates},
  author = {Kathi Fisler and Shriram Krishnamurthi and Preston Tunnell Wilson},
  year = {2017},
  booktitle = sigcse,
  address = {New York, NY, USA},
}
  %publisher = {ACM},

@book{hermes,
 author = {Strom, Robert E. and Bacon, David F. and Goldberg, Arthur P. and Lowry, Andy and Yellin, Daniel M. and Alexander Yemini, Shaula},
 title = {Hermes: A Language for Distributed Computing},
 year = {1991},
}
 %publisher = {Prentice-Hall, Inc.},

@book{s-lisp-1990,
  title={Common Lisp},
  author={Steele, Jr., Guy L.},
  publisher={Digital Press},
  edition={2nd},
  year={1990}
}

@misc{r-cluster,
  title = {Package 'cluster'},
  howpublished = {\url{https://cran.r-project.org/web/packages/cluster/cluster.pdf}},
  author = {Martin Maechler and
      Peter Rousseeuw and
      Anja Struyf and
      Mia Hubert and
      Kurt Hornik and
      Matthias Studer and
      Pierre Roudier and
      Juan Gonzalez},
  year = {2017},
  note = {v2.0.6. Accessed: 2017-04-20},
}


@article{hamming-distance,
  title = {Error Detecting and Error Correcting Codes},
  author = {R. W. Hamming},
  year = {1950},
  journal = {The Bell System Technical Journal},
}

@book{clustering,
  title = {Finding Groups in Data: An Introduction to Cluster Analysis},
  author = {Leonard Kaufman and Peter J. Rousseeuw},
  isbn = {978-0471735786},
  year = {2008}
}
  %publisher = {Wiley},

@misc{racket,
  author={PLT},
  title={{The Racket Programming Lanugage}},
  howpublished={{\url{http://racket-lang.org}}},
  year=2017
}

@article{reduction-semantics,
  title = {The revised report on the syntactic
    theories of sequential control
    and state},
  author = {Matthias Felleisen},
  year = {1992},
  journal = {Theoretical Computer Science},
}

% #lang citation
@inproceedings{flatt-macros,
  author = {Flatt, Matthew},
  title = {Composable and compilable macros: you want it when?},
  booktitle = icfp,
  year = {2002},
  address = {New York, NY, USA},
}
  %publisher = {ACM},

@inproceedings{programs-as-classifiers,
  author = {Justin Pombrio and Shriram Krishnamurthi and Kathi Fisler},
  title = {Teaching Programming Languages by Experimental and Adversarial Thinking},
  booktitle = snapl,
  pages={13:1--13:9},
  year = {2017}
  }

@phdthesis{Barik-thesis,
 author = {Barik, Titus},
 title = {Error Messages as Rational Reconstructions},
 school = {{N}orth {C}arolina {S}tate {U}niversity},
 year = {2018},
}

@inproceedings{Wrenn-ems,
 author = {Wrenn, John and Krishnamurthi, Shriram},
 title = {Error Messages Are Classifiers: A Process to Design and Evaluate Error Messages},
 booktitle = onward,
 pages={134--147},
 year = {2017},
} 
 %publisher = {ACM},

@article{chi-misconceptions-persist05,
  author = "Chi, M.T.H.",
  title = "Common sense conceptions of emergent processes: Why some misconceptions are robust",
  journal = "Journal of the Learning Sciences",
  volume = 14,
  year = 2005
  }

@article{kaijanahoevidence,
  title={Evidence-Based Programming Language Design},
  author={Kaijanaho, Antti-Juhani}
}

@inproceedings{miller2017uncanny,
  title={Uncanny Valleys in Declarative Language Design},
  author={Miller, Mark S and Von Dincklage, Daniel and Ercegovac, Vuk and Chin, Brian},
  booktitle=snapl,
  pages={9:1--9:12},
  year={2017},
}

@misc{Pyret,
  author = {Pyret Developers},
  title = {Pyret Programming Language},
  note = {\newline\url{http://www.pyret.org/}},
  year = 2018
}

@misc{dart-types,
  title={The {Dart} type system},
  author={Dart},
  url={https://dart.dev/guides/language/type-system},
  note={Accessed 2020-09-04},
  year={2020}
}
% https://github.com/dart-lang/site-www/commits/master/src/_guides/language/type-system.md

@inproceedings{tf-dls-2006,
  author="Sam Tobin-Hochstadt and Matthias Felleisen",
  title="Interlanguage Migration: from Scripts to Programs",
  booktitle=dls,
  pages="964--974",
  year=2006}

@inproceedings{tf-popl-2008,
  author="Sam Tobin-Hochstadt and Matthias Felleisen",
  title="The Design and Implementation of {T}yped {S}cheme",
  booktitle=popl,
  pages="395--406",
  year=2008}

@inproceedings{tfffgksst-snapl-2017,
  author="Sam Tobin-Hochstadt and Matthias Felleisen and Robert Bruce Findler and Matthew Flatt and Ben Greenman and Andrew M. Kent and Vincent St-Amour and T. Stephen Strickland and Asumu Takikawa",
  title="Migratory Typing: Ten Years Later",
  booktitle=snapl,
  pages="17:1--17:17",
  year=2017
}

@inproceedings{bat-ecoop-2014,
  author="Gavin Bierman and Martin Abadi and Mads Torgersen",
  title={Understanding {TypeScript}},
  booktitle=ecoop,
  pages="257--281",
  year=2014}

@inproceedings{vss-popl-2017,
  author="Michael M. Vitousek and Cameron Swords and Jeremy G. Siek",
  title="Big Types in Little Runtime: Open-World Soundness and Collaborative Blame for Gradual Type Systems",
  booktitle=popl,
  pages="762--774",
  year=2017
}

@inproceedings{ff-icfp-2002,
  author="Robert Bruce Findler and Matthias Felleisen",
  title="Contracts for Higher-Order Functions",
  booktitle=icfp,
  pages="48--59",
  year=2002}

@article{mf-toplas-2009,
  author="Jacob Matthews and Robert Bruce Findler",
  title="Operational Semantics for Multi-Language Programs",
  journal=toplas,
  volume=31,
  number=3,
  pages="1--44",
  year=2009}

@inproceedings{aft-dls-2013,
  author="Esteban Allende and Johan Fabry and \'{E}ric Tanter",
  title="Cast Insertion Strategies for Gradually-Typed Objects",
  booktitle=dls,
  pages="27--36",
  year=2013}

@article{acftd-scp-2013,
  author="Esteban Allende and Oscar Calla\'{u} and Johan Fabry and \'{E}ric Tanter and Marcus Denker",
  title={Gradual Typing for {Smalltalk}},
  journal=scp,
  volume=96,
  number=1,
  pages="52--69",
  year=2013}

@inproceedings{ddems-icse-2011,
  author="Werner Dietl and Stephanie Dietzel and Michael D. Ernst and K{\i}van\c{c} Mu\c{s}lu and Todd W. Schiller",
  title="Building and Using Pluggable Type Checkers",
  booktitle=icse,
  pages="681--690",
  year=2011}

@inproceedings{bg-oopsla-1993,
  author="Gilad Bracha and David Griswold",
  title="Strongtalk: Typechecking {Smalltalk} in a Production Environment",
  booktitle=oopsla,
  pages="215--230",
  year=1993}

@inproceedings{wmwz-ecoop-2017,
  author="Jack Williams and J. Garrett Morris and Philip Wadler and Jakub Zalewski",
  title={Mixed Messages: Measuring Conformance and Non-Interference in {TypeScript}},
  booktitle=ecoop,
  pages="28:1--28:29",
  year=2017
}

@inproceedings{bdt-esop-2016,
  author="Ambrose Bonnaire-Sergeant and Rowan Davies and Sam Tobin-Hochstadt",
  title={Practical Optional Types for {Clojure}},
  booktitle=esop,
  pages="68--94",
  year=2016}

@inproceedings{mmi-dls-2015,
  author="Andre Murbach Maidl and Fabio Mascarenhas and Roberto Ierusalimschy",
  title={A Formalization of {Typed Lua}},
  booktitle=dls,
  pages="13--25",
  year=2015}

@inproceedings{rtsf-sac-2013,
  author="Brianna M. Ren and John Toman and T. Stephen Strickland and Jeffrey S. Foster",
  title="The Ruby Type Checker",
  booktitle=sac,
  pages="1565--1572",
  year=2013}

% RDL https://github.com/plum-umd/rdl

@inproceedings{kgvfv-pldi-2019,
  author={Milod Kazerounian and Guria, Sankha Narayan and Niki Vazou and Foster, Jeffrey S. and Van Horn, David},
  title={Type-Level Computations for {Ruby} Libraries},
  booktitle=pldi,
  pages={966--979},
  year={2019}
}

@inproceedings{tst-esop-2013,
  author="Asumu Takikawa and T. Stephen Strickland and Sam Tobin-Hochstadt",
  title="Constraining Delimited Control with Contracts",
  booktitle=esop,
  pages="{229--248}",
  year=2013}

@inproceedings{tsdtf-oopsla-2012,
  author="Asumu Takikawa and T. Stephen Strickland and Christos Dimoulas and Sam Tobin-Hochstadt and Matthias Felleisen",
  title="Gradual Typing for First-Class Classes",
  booktitle=oopsla,
  pages="793--810",
  year=2012}

@inproceedings{dfff-popl-2011,
  author="Christos Dimoulas and Robert Bruce Findler and Cormac Flanagan and Matthias Felleisen",
  title="Correct Blame for Contracts: {n}o More Scapegoating",
  booktitle=popl,
  pages="215--226",
  year=2011}

@inproceedings{dtf-esop-2012,
  author="Christos Dimoulas and Sam Tobin-Hochstadt and Matthias Felleisen",
  title="Complete Monitors for Behavioral Contracts",
  booktitle=esop,
  pages="214--233",
  year=2012}

@inproceedings{tfdfftf-ecoop-2015,
  author="Asumu Takikawa and Daniel Feltey and Earl Dean and Robert Bruce Findler and Matthew Flatt and Sam Tobin-Hochstadt and Matthias Felleisen",
  title="Towards Practical Gradual Typing",
  booktitle=ecoop,
  pages="4--27",
  year=2015}

@inproceedings{vksb-dls-2014,
  author="Michael M. Vitousek and Andrew Kent and Jeremy G. Siek and Jim Baker",
  title="Design and Evaluation of Gradual Typing for {p}ython",
  booktitle=dls,
  pages="45--56",
  year=2014}

@inproceedings{svcb-snapl-2015,
  author={Jeremy G. Siek and Michael M. Vitousek and Matteo Cimini and John Tang Boyland},
  title="Refined Criteria for Gradual Typing",
  booktitle=snapl,
  pages="274--293",
  year=2015}

@inproceedings{wzlov-popl-2010,
  author="Tobias Wrigstad and Zappa Nardelli, Francesco and Sylvain Lebresne and Johan {\" O}stlund and Jan Vitek",
  title="Integrating Typed and Untyped Code in a Scripting Language",
  booktitle=popl,
  pages="377--388",
  year=2010}

@article{mt-oopsla-2017,
  author="Fabian Muehlboeck and Ross Tate",
  title="Sound Gradual Typing is Nominally Alive and Well",
  journal=pacmpl,
  volume={1},
  number=oopsla,
  pages="56:1--56:30",
  year={2017}
}

@article{wmw-oopsla-2018,
  author={Williams, Jack and Morris, J. Garrett and Wadler, Philip},
  title={The Root Cause of Blame: Contracts for Intersection and Union Types},
  journal=pacmpl,
  volume={2},
  number=oopsla,
  pages="134:1--134:29",
  year={2018}
}

@inproceedings{rzv-ecoop-2015,
  title={Concrete Types for {TypeScript}},
  author={Gregor Richards and Zappa Nardelli, Francesco and Jan Vitek},
  booktitle=ecoop,
  pages={76--100},
  year=2015
}

@article{rat-oopsla-2017,
  author={Gregor Richards and Ellen Arteca and Alexi Turcotte},
  title="The VM Already Knew That: Leveraging Compile-Time Knowledge to Optimize Gradual Typing",
  journal=pacmpl,
  volume={1},
  number=oopsla,
  pages="55:1--55:27",
  year={2017}
}

@article{cvgrl-oopsla-2017,
  author="Avik Chaudhuri and Panagiotis Vekris and Sam Goldman and Marshall Roch and Gabriel Levy",
  title="Fast and Precise Type Checking for JavaScript",
  journal=pacmpl,
  volume={1},
  number=oopsla,
  pages="56:1--56:30",
  year={2017}
}

@article{gf-icfp-2018,
  author={Greenman, Ben and Felleisen, Matthias},
  title={A Spectrum of Type Soundness and Performance},
  journal=pacmpl,
  volume={2},
  number=icfp,
  pages={71:1--71:32},
  year=2018
}

@article{gfd-oopsla-2019,
  author={Greenman, Ben and Felleisen, Matthias and Dimoulas, Christos},
  title={Complete Monitors for Gradual Types},
  journal=pacmpl,
  volume={3},
  number=oopsla,
  pages={122:1--122:29},
  year=2019
}

@inproceedings{clzv-ecoop-2018,
  author="Benjamin W. Chung and Paley Li and Zappa Nardelli, Francesco and Jan Vitek",
  title="{KafKa}: Gradual Typing for Objects",
  booktitle=ecoop,
  pages="12:1--12:23",
  year=2018}

@article{m-jcss-1978,
  author="Robin Milner",
  title="A Theory of Type Polymorphism in Programming",
  journal={{Journal of Computer and System Sciences}},
  pages="348--375",
  number=3,
  volume=17,
  year=1978
}

@inproceedings{gm-pepm-2018,
  author={Greenman, Ben and Migeed, Zeina},
  title={On the Cost of Type-Tag Soundness},
  booktitle=pepm,
  pages={30--39},
  year=2018}
%  doi={https://doi.org/10.1145/3162066}

@inproceedings{bmt-ecoop-2010,
  author={Gavin Bierman and Erik Meijer and Mads Torgersen},
  title={Adding Dynamic Types to {C\#}},
  booktitle=ecoop,
  pages={76--100},
  year=2010}


@inproceedings{tfgnvf-popl-2016,
  author={Asumu Takikawa and Daniel Feltey and Ben Greenman and Max S. New and Jan Vitek and Matthias Felleisen},
  title={Is Sound Gradual Typing Dead?},
  booktitle=popl,
  pages={456--468},
  year=2016
}

@article{gtnffvf-jfp-2019,
  author={Greenman, Ben and Takikawa, Asumu and New, Max S. and Feltey, Daniel and Findler, Robert Bruce and Vitek, Jan and Felleisen, Matthias},
  title={How to Evaluate the Performance of Gradual Type Systems},
  journal=jfp,
  volume={29},
  number={e4},
  year={2019},
  pages={1--45}
}
  %DOI={10.1017/S0956796818000217}, 
  %publisher={Cambridge University Press}

@article{bbst-oopsla-2017,
 author = {Bauman, Spenser and Bolz-Tereick, Carl Friedrich and Siek, Jeremy and Tobin-Hochstadt, Sam},
 title = {Sound Gradual Typing: {o}nly Mostly Dead},
 journal = pacmpl,
 volume = {1},
 number = oopsla,
 pages = {54:1--54:24},
 year=2017
}

@inproceedings{cs-popl-2017,
  author={Matteo Cimini and Jeremy Siek},
  title={Automatically Generating the Dynamic Semantics of Gradually Typed Languages},
  booktitle=popl,
  pages={789--803},
  year=2017
}

@inproceedings{mdffc-oopsla-2016,
  author={Scott Moore and Christos Dimoulas and Robert Bruce Findler and Matthew Flatt and Stephen Chong},
  title={Extensible Access Control with Authorization Contracts},
  booktitle=oopsla,
  pages={214--233},
  year=2016}

@article{gmz-toplas-2000,
  author={Dan Grossman and Greg Morrisett and Steve Zdancewic},
  title={Syntactic Type Abstraction},
  journal=toplas,
  volume={22},
  number={6},
  pages={1037--1080},
  year=2000}

@article{wcd-icfp-2017,
  author={Waye, Lucas and Chong, Stephen and Dimoulas, Christos},
  title={Whip: Higher-Order Contracts for Modern Services},
  journal=pacmpl,
  volume={1},
  number=icfp,
  pages={36:1--36:28},
  year=2017
}

@article{nla-popl-2019,
  author={New, Max S. and Licata, Daniel R. and Ahmed, Amal},
  title={Gradual Type Theory},
  journal=pacmpl,
  volume={3},
  number=popl,
  pages={15:1--15:31},
  year=2019
}

@article{cl-icfp-2017,
  author={Giuseppe Castagna and Victor Lanvin},
  title={Gradual Typing with Union and Intersection Types},
  journal=pacmpl,
  volume={1},
  number=icfp,
  pages={41:1--41:28},
  year=2017
}

@article{na-icfp-2018,
  author={New, Max S. and Amal Ahmed},
  title={Graduality from Embedding-Projection Pairs},
  journal=pacmpl,
  volume={2},
  number=icfp,
  pages={73:1--73:30},
  year=2018
}

@techreport{gfd-tr-2019,
    author={Greenman, Ben and Felleisen, Matthias and Dimoulas, Christos},
    title={Complete Monitors for Gradual Types: Supplementary Material},
    institution={{Northeastern University}},
    number={{NU-CCIS-2019-001}},
    year={2019}}

@article{sst-jfp-2018,
  author={Swords, Cameron and Sabry, Amr and Tobin-Hochstadt, Sam},
  title={An extended account of contract monitoring strategies as patterns of communication},
  volume={28},
  year={2018},
  number={e4},
  pages={1--47},
  journal=jfp
}

@article{bm-jfp-2006,
  author={Blume, Matthias and McAllester, David A.},
  title={Sound and Complete Models of Contracts},
  volume={16},
  year={2006},
  number={4-5},
  pages={375--414},
  journal=jfp
}

@article{gpw-jfp-2012,
  author={Greenberg, Michael and Pierce, Benjamin C. and Weirich, Stephanie},
  title={Contracts made Manifest},
  volume={22},
  year={2012},
  number={3},
  pages={225--274},
  journal=jfp
}

@article{kf-toplas-2010,
  author={Knowles, Kenneth and Flanagan, Cormac},
  title={Hybrid Type Checking},
  volume={32},
  number={6},
  year={2010},
  pages={1--34},
  journal=toplas
}

@article{htf-hosc-2010,
  title={Space-Efficient Gradual Typing},
  author={David Herman and Aaron Tomb and Cormac Flanagan},
  volume={23},
  number={2},
  year={2010},
  pages={167--189},
  journal=hosc
}

@inproceedings{hjl-flops-2006,
  author={Ralf Hinze and Johan Jeuring and Andres L{\"o}h},
  title={Typed Contracts for Functional Programming},
  booktitle=flops,
  pages={208--225},
  year=2006
}

@inproceedings{g-popl-2015,
  author={Michael Greenberg},
  title={Space-Efficient Manifest Contracts},
  booktitle=popl,
  pages={181--194},
  year=2015
}

@article{g-arxiv-2014,
  author    = {Michael Greenberg},
  title     = {Space-Efficient Manifest Contracts},
  journal   = {CoRR},
  volume    = {abs/1410.2813},
  url       = {https://arxiv.org/abs/1410.2813},
  eprinttype = {arXiv},
  year      = {2014}
}

% https://arxiv.org/abs/1410.2813

@inproceedings{g-tfp-2016,
  author    = {Michael Greenberg},
  title     = {Space-Efficient Latent Contracts},
  booktitle = tfp,
  volume    = {10447},
  pages     = {3--23},
  publisher = {Springer},
  year      = {2016}
}
% https://doi.org/10.1007/978-3-030-14805-8_1

@inproceedings{rsfbv-popl-2015,
  title={Safe \& Efficient Gradual Typing for {TypeScript}},
  author={Aseem Rastogi and Nikhil Swamy and C{\'e}dric Fournet and Gavin Bierman and Panagiotis Vekris},
  booktitle=popl,
  pages={167--180},
  year=2015
}

@inproceedings{stff-oopsla-2012,
  author = "T. Stephen Strickland and Sam Tobin-Hochstadt and Robert Bruce Findler and Matthew Flatt",
  title = "Chaperones and Impersonators: Run-time Support for Reasonable Interposition",
  booktitle = oopsla,
  pages = {943--962},
  year = 2012
}

@inproceedings{t-popl-1990,
  author={Satish Thatte},
  title={Quasi-static Typing},
  booktitle=popl,
  pages={367--381},
  year={1990}
}

@inproceedings{stw-pldi-2015,
  author={Jeremy Siek and Peter Thiemann and Philip Wadler},
  title={Blame and Coercion: Together Again for the First Time},
  booktitle=pldi,
  pages={425--435},
  year={2015}
}

@inproceedings{gff-oopsla-2005,
  author={Gray, Kathryn E. and Findler, Robert Bruce and Flatt, Matthew},
  title={Fine-Grained Interoperability Through Mirrors and Contracts},
  booktitle=oopsla,
  pages={231--245},
  year={2005}
}

@inproceedings{kt-icfp-2015,
  author={Keil, Matthias and Theimann, Peter},
  title={Blame Assignment for Higher-Order Contracts with Intersection and Union},
  booktitle=icfp,
  pages={375--386},
  year={2015}
}

@phdthesis{s-thesis-2012,
 author = {Strickland, T. Stephen},
 title = {Scaling Contracts to Realistic Languages},
 school = {{N}ortheastern {U}niversity},
 year = {2012},
}

@phdthesis{d-thesis-2012,
 author = {Christos Dimoulas},
 title = {Foundations for Behavioral Higher-Order Contracts},
 school = {{N}ortheastern {U}niversity},
 year = {2012},
}

@phdthesis{v-thesis-2019,
 author = {Vitousek, Michael M.},
 title = {Gradual Typing for Python, Unguarded},
 school = {{I}ndiana {U}niversity},
 year = {2019},
}

@inproceedings{wf-esop-2009,
  author = {Wadler, Philip and Findler, Robert Bruce},
  title = {Well-typed Programs Can't be Blamed},
  booktitle = esop,
  pages = {1--15},
  year = {2009}
}

@inproceedings{svctg-esop-2015,
  author = {Jeremy Siek and Vitousek, Michael M. and Matteo Cimini and Sam Tobin-Hochstadt and Ronald Garcia},
  title = {Monotonic References for Efficient Gradual Typing},
  booktitle = esop,
  pages = {432--456},
  year = {2015}
}

@inproceedings{dnff-icfp-2016,
  author = {Dimoulas, Christos and New, Max S. and Findler, Robert Bruce and Felleisen, Matthias},
  title = {Oh Lord, Please Don't Let Contracts be Misunderstood (functional pearl)},
  booktitle = icfp,
  pages = {117--131},
  year = {2016}
}

@inproceedings{tf-icfp-2010,
  author = {Tobin-Hochstadt, Sam and Felleisen, Matthias},
  title = {Logical Types for Untyped Languages},
  booktitle = icfp,
  pages = {117--128},
  year = {2010}
}

@book{a-cc-1992,
  author = {Andrew W. Appel},
  title = {Compiling with Continuations},
  publisher = {Cambridge University Press},
  address = {},
  edition = {1st},
  year = {1992}
}

@inproceedings{cc-snapl-2019,
  author={Sheng Chen and Campora, {III}, John Peter},
  title={Blame Tracking and Type Error Debugging},
  booktitle=snapl,
  pages={2:1--2:14},
  year={2019}
}

@inproceedings{w-snapl-2015,
  author={Philip Wadler},
  title={A Complement to Blame},
  booktitle=snapl,
  pages={309--320},
  year={2015}
}

@book{barendregt-1981,
  author="Henk Barendregt",
  title="The Lambda Calculus: Its Syntax and Semantics",
  publisher="North-Holland Publishing Company",
  year="1981"}

@inproceedings{gmfk-dls-2007,
  author="Arjun Guha and Jacob Matthews and Robert Bruce Findler and Shriram Krishnamurthi",
  title="Relationally-Parametric Polymorphic Contracts",
  booktitle=dls,
  pages={29--40},
  year=2007,
}

@inproceedings{rmhn-ecoop-2019,
  author={Richard Roberts and Stefan Marr and Michael Homer and James Noble},
  title={Transient Typechecks are (Almost) Free},
  booktitle=ecoop,
  pages="15:1--15:29",
  year=2019
}

@inproceedings{gi-sblp-2018,
  author    = {Gualandi, Hugo Musso and Roberto Ierusalimschy},
  title     = {{P}allene: a statically typed companion language for {L}ua},
  booktitle = {{SBLP}},
  pages     = {19--26},
  year      = {2018}
}

@article{gi-scp-2020,
  author    = {Gualandi, Hugo Musso and Roberto Ierusalimschy},
  title     = {{Pallene}: a companion language for {Lua}},
  journal = scp,
  volume = {189},
  number = {102393},
  pages     = {1--15},
  year      = {2020}
}


@inproceedings{gct-popl-2016,
  title={Abstracting Gradual Typing},
  author={Ronald Garcia and Clark, Alison M. and \'{E}ric Tanter},
  booktitle=popl,
  pages={429--442},
  year=2016
}

@book{fff-2009,
  author="Matthias Felleisen and Robert Bruce Findler and Matthew Flatt",
  title="Semantics Engineering with PLT Redex",
  publisher="{MIT} Press",
  year="2009"
}

@inproceedings{bfnorsvw-oopsla-2009,
  title={{T}horn: Robust, Concurrent, Extensible Scripting on the {JVM}},
  author={Bard Bloom and John Field and Nathaniel Nystrom and Johan {\" O}stlund and Gregor Richards and Rok Strni{\v s}a and Jan Vitek and Tobias Wrigstad},
  booktitle=oopsla,
  pages={117--136},
  year={2009}
}

@inproceedings{st-sfp-2006,
  title="Gradual Typing for Functional Languages",
  author={Jeremy G. Siek and Walid Taha},
  booktitle={{SFP}. University of Chicago, {TR-2006-06}},
  pages={81--92},
  year={2006}
}

@article{fgsfs-oopsla-2018,
 author = {Daniel Feltey and Ben Greenman and Christophe Scholliers and Robert Bruce Findler and Vincent St-Amour},
 title = {Collapsible Contracts: Fixing a Pathology of Gradual Typing},
 journal = pacmpl,
 volume = {2},
 number = oopsla,
 pages = {133:1--133:27},
 year=2018
}

@inproceedings{kas-pldi-2019,
  author={Andre Kuhlenschmidt and Deyaaeldeen Almahallawi and Siek, Jeremy G.},
  title={Toward Efficient Gradual Typing for Structural Types via Coercions},
  booktitle=pldi,
  pages={517--532},
  year={2019}
}

@inproceedings{r-ifip-1983,
  title="Types, Abstraction, and Parametric Polymorphism",
  author="John C. Reynolds",
  booktitle={{IFIP}},
  pages={513--523},
  year={1983}
}

@article{r-jfp-2008,
  author={Norman Ramsey},
  title={Embedding an Interpreted Language Using Higher-Order Functions and Types},
  journal=jfp,
  volume={21},
  number={6},
  pages={585--615},
  year={2008}
}

@inproceedings{ok-popl-2003,
  author={Atsushi Ohori and Kazuhiko Kato},
  title={Semantics for Communication Primitives in a Polymorphic Language},
  booktitle=popl,
  pages={99--112},
  year={1993}
}

@techreport{m-maclisp-1974,
  author={Moon, David A.},
  title={{MACLISP} Reference Manual, Revision 0},
  institution={{MIT} Project {MAC}},
  year={1974}
}

@techreport{s-ltd-1976,
  author={Steele, Jr., Guy Lewis},
  title={{Lambda} The Ultimate Declarative},
  institution={{MIT}},
  number={{AI} Memo 379},
  year={1976}
}

@inproceedings{sfrbcsb-popl-2014,
  title={Gradual Typing Embedded Securely in {J}ava{S}cript},
  author={Nikhil Swamy and C\'{e}dric Fournet and Aseem Rastogi and Karthikeyan Bhargavan and Juan Chen and Pierre-Yves Strub and Gavin Bierman},
  booktitle=popl,
  pages={425--437},
  year={2014}
}

@inproceedings{tgpk-dls-2018,
  author={Tunnell Wilson, Preston and Greenman, Ben and Pombrio, Justin and Krishnamurthi, Shriram},
  title={The Behavior of Gradual Types: {a} User Study},
  booktitle={{DLS}},
  pages={1--12},
  year={2018}
}

@inproceedings{dtw-pepm-2012,
  title="The Interaction of Contracts and Laziness",
  author="Markus Degen and Peter Thiemann and Stefan Wehr",
  booktitle=pepm,
  pages={97--106},
  year={2012}
}

@inproceedings{afsw-popl-2011,
  title={Blame for All},
  author={Amal Ahmed and Robert Bruce Findler and Jeremy G. Siek and Philip Wadler},
  booktitle=popl,
  pages={201--214},
  year={2011}
}

@inproceedings{fgr-ifl-2007,
  title={Lazy Contract Checking for Immutable Data Structures},
  author={Robert Bruce Findler and {Shu-yu} Guo and Anne Rogers},
  booktitle=ifl,
  pages={111--128},
  year={2007}
}

@inproceedings{c-icfp-2012,
  author    = {Olaf Chitil},
  title     = {Practical typed lazy contracts},
  booktitle = icfp,
  pages     = {67--76},
  year      = {2012}
}

@article{df-toplas-2011,
  author={Christos Dimoulas and Matthias Felleisen},
  title={On Contract Satisfaction in a Higher-Order World},
  journal=toplas,
  volume={33},
  number={5},
  pages={16:1--16:29},
  year={2011}
}

@inproceedings{vsc-dls-2019,
  author={Vitousek, Michael M. and Siek, Jeremy G. and Chaudhuri, Avik},
  title={Optimizing and Evaluating Transient Gradual Typing},
  booktitle=dls,
  pages={28--41},
  year={2019}
}

@article{wf-ic-1994,
 author={Wright, Andrew K. and Matthias Felleisen},
 title={A Syntactic Approach to Type Soundness},
 journal={Information and Computation},
 volume={115},
 number={1},
 year={1994},
 pages={38--94},
 note={{F}irst appeared as Technical Report {TR160}, {R}ice University, 1991}
}

@article{isi-icfp-2017,
  author={Yuu Igarashi and Taro Sekiyama and Atsushi Igarashi},
  title={On Polymorphic Gradual Typing},
  journal=pacmpl,
  volume={1},
  number=icfp,
  pages={40:1--40:29},
  year={2017}
}

@article{tlt-popl-2019,
  title={Gradual Parametricty, Revisited},
  author={Mat{\'i}as Toro and Elizabeth Labrada and {\'E}ric Tanter},
  journal=pacmpl,
  volume={3},
  number=popl,
  pages={17:1--17:30},
  year={2019}
}

@article{nja-popl-2020,
  title={Graduality and Parametricity: {t}ogether again for the first time},
  author={New, Max S. and Dustin Jamner and Amal Ahmed},
  journal=pacmpl,
  volume={4},
  number=popl,
  pages={46:1--46:32},
  year={2020}
}

@article{clps-popl-2020,
  title={Gradual Typing: A New Perspective},
  author={Guiseppe Castagna and Victor Lanvin and Tommaso Petrucciani and Siek, Jeremy G.},
  journal=pacmpl,
  volume={4},
  number=popl,
  pages={16:1--16:32},
  year={2020}
}

@article{bt-siam-1983,
  author    = {Jan A. Bergstra and John V. Tucker},
  title     = {Initial and Final Algebra Semantics for Data Type Specifications: Two Characterization Theorems},
  journal   = {{SIAM} Journal of Computing},
  volume    = {12},
  number    = {2},
  pages     = {366--387},
  year      = {1983}
}

@article{w-jcss-1979,
  author={Mitchell Wand},
  title={Final Algebra Semantics and Data Type Extensions},
  journal = {{Journal of Computer and System Sciences}},
  volume = {19},
  pages = {27--44},
  year={1979}
}

@inproceedings{c-lfp-1980,
  title={A Constructive Alternative to Data Type Definitions},
  author={Robert Cartwright},
  booktitle=lfp,
  pages={46--55},
  year={1980}
}

@inproceedings{g-snapl-2019,
  author={Michael Greenberg},
  title={The Dynamic Practice and Static Theory of Gradual Typing},
  booktitle=snapl,
  pages={6:1--6:20},
  year={2019}
}

@phdthesis{a-thesis-2020,
 author = {Deyaaeldeen Almahallawi},
 title = {Towards Efficient Gradual Typing via Monotonic References and Coercions},
 school = {{I}ndiana {U}niversity},
 year = {2020},
}

@inproceedings{kgsgt-ecoop-2015,
  title={Transparent Object Proxies in {JavaScript}},
  author={Matthias Keil and Sankha Narayan Guria and Andreas Schlegel and Manuel Geffken and Peter Thiemann},
  booktitle =ecoop,
  pages ={149--173},
  year ={2015}
}

@inproceedings{rch-popl-2012,
  author    = {Aseem Rastogi and Avik Chaudhuri and Basil Hosmer},
  title     = {The Ins and Outs of Gradual Type Inference},
  booktitle = popl,
  pages     = {481--494},
  year      = {2012}
}

@article{glfd-pj-2022,
  author={Ben Greenman and Lukas Lazarek and Christos Dimoulas and Matthias Felleisen},
  title={A Transient Semantics for {Typed Racket}},
  journal={Programming},
  volume={6},
  number={2},
  pages={1--25},
  year={2022}
}

@article{lgk-pj-2022,
  author={Kuang-Chen Lu and Ben Greenman and Shriram Krishnamurthi},
  title={Types for Tables: A Language Design Benchmark},
  journal={Programming},
  volume={6},
  number={2},
  pages={8:1--8:30},
  year={2022}
}

@article{lgfd-icfp-2021,
  author={Lukas Lazarek and Ben Greenman and Matthias Felleisen and Christos Dimoulas},
  title={How to Evaluate Blame for Gradual Types},
  journal=pacmpl,
  volume={5},
  number=icfp,
  pages = {68:1--68:29},
  year={2021}
}

@inproceedings{fff:semcast,
  author    = {Robert Bruce Findler and Matthew Flatt and Matthias Felleisen},
  title     = {Semantic Casts: Contracts and Structural Subtyping in a Nominal World},
  booktitle = ecoop, 
  pages     = "364--388",
  year      = {2004},
}

@phdthesis{mn-thesis-2020,
 author = {Max S. New},
 title = {A Semantic Foundation for Sound Gradual Typing},
 school = {{N}ortheastern {U}niversity},
 year = {2020},
}

@phdthesis{g-thesis-2020,
 author = {Ben Greenman},
 title = {Deep and Shallow Types},
 school = {{N}ortheastern {U}niversity},
 year = {2020},
}

@phdthesis{liblit-thesis,
  author = {Liblit, Benjamin Robert},
  title = {Cooperative Bug Isolation},
  school = {{Stanford University}},
  year = {2004}
}

@inproceedings{nl-icse-2010,
  author = {Arumuga Nainar, Piramanayagam and Liblit, Ben},
  title = {Adaptive Bug Isolation},
  publisher = {{ACM}},
  doi = {10.1145/1806799.1806839},
  booktitle = {{ICSE}},
  pages = {255–264},
  year = {2010}
}

@inproceedings{grmhn-vmil-2019,
  title = {Which of My Transient Type Checks Are Not (Almost) Free?},
  author = {Gariano, Isaac Oscar and Roberts, Richard and Marr, Stefan and Homer, Michael and Noble, James},
  booktitle = vmil,
  pages = {58--66},
  year = {2019}
}

@inproceedings{sgt-esop-2009,
  author    = {Jeremy G. Siek and Ronald Garcia and Walid Taha},
  title     = {Exploring the Design Space of Higher-Order Casts},
  booktitle = esop,
  pages     = {17--31},
  year      = {2009}
}

@article{sc-jfp-2021,
  author={Siek, Jeremy G. and Chen, Tianyu},
  title={Parameterized Cast Calculi and Reusable Meta-Theory for Gradually Typed Lambda Calculi},
  journal=jfp,
  volume={31},
  pages={e30},
  year={2021}
}

@inproceedings{bdn-tphols-2009,
  author    = {Ana Bove and Peter Dybjer and Ulf Norell},
  title     = {A Brief Overview of Agda - {A} Functional Language with Dependent Types},
  booktitle = tphols,
  pages     = {73--78},
  year      = {2009}
}

@article{h-scp-1994,
  author={Fritz Henglein},
  title={Dynamic Typing: Syntax and Proof Theory},
  journal=scp,
  volume={22},
  number={3},
  pages={197--230},
  year={1994}
}

@article{lgmvk-pj-2023,
  author={Kuang-Chen Lu and Ben Greenman and Carl Meyer and Dino Viehland and Aniket Panse and Shriram Krishnamurthi},
  title={Gradual Soundness: Lessons from Static Python},
  journal={Programming},
  volume={7},
  number={1},
  pages={2:1--2:40},
  year={2023}
}

@article{ad-wood-2003,
  author    = {Christopher Anderson and Sophia Drossopoulou},
  title     = {{BabyJ}: from Object Based to Class Based Programming via Types},
  journal   = {{WOOD}},
  volume    = {82},
  number    = {7},
  pages     = {53--81},
  year      = {2003}
}

@inproceedings{sg-sfp-2012,
  author    = {Jeremy G. Siek and Ronald Garcia},
  title     = {Interpretations of the Gradually-Typed Lambda Calculus},
  booktitle = {{SFP}},
  pages     = {68--80},
  year      = {2012}
}

@inproceedings{cdls-ifl-2019,
  author    = {Giuseppe Castagna and Guillaume Duboc and Victor Lanvin and Jeremy G. Siek},
  title     = {A Space-Efficient Call-by-Value Virtual Machine for Gradual Set-Theoretic Types},
  booktitle = {{IFL}},
  pages     = {8:1--8:12},
  year      = {2019}
}

@inproceedings{awl-popl-1994,
  author    = {Alexander Aiken and Wimmers, Edward L. and Lakshman, T.K.},
  title     = {Soft Typing with Conditional Types},
  booktitle = popl,
  pages     = {163--173},
  year      = {1994}
}

@inproceedings{wc-lfp-1994,
  author    = {Wright, Andrew K. and Robert Cartwright},
  title     = {A Practical Soft Type System for Scheme},
  booktitle = lfp,
  pages     = {250--262},
  year      = {1994}
}

@article{fcffksf-jfp-2002,
  author="Robert Bruce Findler and John Clements and
    Cormac Flanagan and Matthew Flatt
    and Shriram Krishnamurthi and Paul Steckler and
    Matthias Felleisen",
  title="{DrScheme}: A Programming Environment for
    {S}cheme",
  volume = "12",
  number = "2",
  journal={{Journal of Functional Programming}},
  pages = "159--182",
    doi          = {10.1017/S0956796801004208},
  year="2002"
}

@inproceedings{cf-pldi-1991,
  author    = {Robert Cartwright and Mike Fagan},
  title     = {Soft Typing},
  booktitle = pldi,
  pages     = {278--292},
  year      = {1991}
}

@Misc{roblox-quarterly-results,
  author =    {Roblox},
  title =     {Quarterly Results},
  year =      {2022},
  note =      {\url{https://ir.roblox.com/financials/quarterly-results/}},
}

@Misc{corp.roblox.com,
  author =    {Roblox},
  title =     {Reimagining the way people come together},
  year =      {2023},
  url =       {https://corp.roblox.com/},
  note =      {Accessed: 2023-09-11},
}

@Misc{luau-lang.org,
  author =    {Team Luau},
  year =      {2023},
  title =     {The {Luau} Programming Language},
  note =      {\url{https://luau-lang.org/}},
}

@Book{lua,
  author =    {Roberto Ierusalimschy},
  title =     {Programming in {Lua}},
  edition = {2nd},
  publisher = {{Lua.org}},
  isbn         = {978-85-903798-2-9},
  year =      {2016},
  note =      {\url{https://www.lua.org/pil/}},
}

@Misc{luau-autocomplete,
  author =    {Roblox},
  title =     {Script Editor: {Luau}-Powered Autocomplete \& Language Features Beta},
  year =      {2021},
  note =      {\url{https://devforum.roblox.com/t/script-editor-luau-powered-autocomplete-language-features-beta/1406701}},
}

@misc{kindle-telemetry,
  title={Why {Amazon} is tracking every time you tap your {Kindle}},
  author={Chaim Gartenberg},
  url={https://www.theverge.com/2020/1/31/21117217/amazon-kindle-tracking-page-turn-taps-e-reader-privacy-policy-security-whispersync},
  note={Accessed 2023-04-01},
  year={2020}
}

@misc{vscode-telemetry,
  title={{VS Code} --- What's the deal with the telemetry?},
  author={Rob O'Leary},
  url={https://www.roboleary.net/tools/2022/04/20/vscode-telemetry.html},
  note={Accessed 2023-04-01},
  year={2022}
}

@misc{dotnet-telemetry,
  title={{.NET SDK and .NET CLI} telemetry},
  author={Microsoft},
  url={https://learn.microsoft.com/en-us/dotnet/core/tools/telemetry},
  note={Accessed 2023-04-01},
  year={2023}
}

@misc{transparent-telemetry,
  title={Transparent Telemetry, Part 1},
  author={Russ Cox},
  url={https://research.swtch.com/telemetry-intro},
  note={Accessed 2023-04-01},
  year={2023}
}

@inproceedings{fnm-sigmod-2020,
  author       = {Anna Fariha and Suman Nath and Alexandra Meliou},
  title        = {Causality-Guided Adaptive Interventional Debugging},
  booktitle    = {{SIGMOD}},
  pages        = {431--446},
  publisher    = {{ACM}},
  doi          = {10.1145/3318464.3389694},
  year         = {2020}
}

@inproceedings{lnsmc-usenix-2018,
  author       = {Liang Luo and Suman Nath and Lenin Ravindranath Sivalingam and Madan Musuvathi and Luis Ceze},
  title        = {Troubleshooting Transiently-Recurring Errors in Production Systems with Blame-Proportional Logging},
  booktitle    = {{USENIX ATC}},
  pages        = {321--334},
  publisher    = {{USENIX}},
  url          = {https://www.usenix.org/conference/atc18/presentation/luo},
  urldate = {2023-05-24},
  year         = {2018}
}

@article{zfstt-ieeesensors-2022,
  author={Zhang, Ze and Farnsworth, Michael and Song, Boyang and Tiwari, Divya and Tiwari, Ashutosh},
  journal={{IEEE Sensors Journal}},
  title={Deep Transfer Learning With Self-Attention for Industry Sensor Fusion Tasks},
  year={2022},
  volume={22},
  number={15},
  pages={15235-15247},
  doi={10.1109/JSEN.2022.3186505}
}

@inproceedings{hlzbr-ecoop-2021,
  author       = {Yu Hao and
                  Sufian Latif and
                  Hailong Zhang and
                  Raef Bassily and
                  Atanas Rountev},
  title        = {Differential Privacy for Coverage Analysis of Software Traces},
  booktitle    = {{ECOOP}},
  volume       = {194},
  pages        = {8:1--8:25},
  publisher    = {Schloss Dagstuhl},
  doi          = {10.4230/LIPIcs.ECOOP.2021.8},
  year         = {2021}
}

@inproceedings{m-popl-1990,
  author       = {Harry G. Mairson},
  title        = {Deciding {ML} Typability is Complete for Deterministic Exponential Time},
  booktitle    = {{POPL}},
  pages        = {382--401},
  publisher    = {{ACM}},
  doi          = {10.1145/96709.96748},
  year         = {1990}
}

@inproceedings{ktu-caap-1990,
  author       = {A. J. Kfoury and Jerzy Tiuryn and Pawel Urzyczyn},
  title        = {{ML} Typability is {DEXTIME}-Complete},
  booktitle    = {{CAAP}},
  volume       = {431},
  pages        = {206--220},
  publisher    = {Springer},
  doi          = {10.1007/3-540-52590-4_50},
  year         = {1990}
}

@inproceedings{lindahl2006practical,
  title={Practical Type Inference Based on Success Typings},
  author={Lindahl, Tobias and Sagonas, Konstantinos},
  booktitle={{PPDP}},
  pages={167--178},
  year={2006},
  doi={10.1145/1140335.1140356},
}

@Misc{Jef22:SemanticSubtyping,
  author =       {Alan Jeffrey},
  title =        {Semantic Subtyping in Luau},
  note =         {Accessed: 2023-09-12},
  url = {https://blog.roblox.com/2022/11/semantic-subtyping-luau/}
}

@InProceedings{CF05:GentleIntroduction,
  author =       {Giuseppe Castagna and Alain Frisch},
  title =        {A Gentle Introduction to Semantic Subtyping},
  booktitle =    {{PPDP}},
  year =         {2005},
  pages =        {198-208},
  doi = {10.1145/1069774.1069793},
}

@Misc{vsc-telemetry,
  author =       {Microsoft},
  title =        {{Visual Studio Code} Telemetry},
  year =         {2023},
  note =         {Accessed: 2023-09-12},
  url = {https://code.visualstudio.com/docs/getstarted/telemetry}
}

@Misc{intellij-telemetry,
  title =        {{IntelliJ IDEA} Data Sharing},
  author =       {JetBrains},
  year =         {2023},
  note =         {Accessed: 2023-09-12},
  url = {https://www.jetbrains.com/help/idea/settings-usage-statistics.html},
}

@Misc{golang-telemetry,
  author =       {Russ Cox},
  title =        {Telemetry in the {Go} Toolchain},
  year =         {2023},
  note =         {Accessed: 2023-09-12},
  url = {https://github.com/golang/go/discussions/58409},
}

@misc{empirical-types,
  author =       {Dan Luu},
  title =        {Literature Review on the Benefits of Static Types},
  year =         {2023},
  note =         {Accessed: 2023-09-23},
  url = {http://danluu.com/empirical-pl/},
}

@inproceedings{zhlbr-cc-2020,
author = {Zhang, Hailong and Hao, Yu and Latif, Sufian and Bassily, Raef and Rountev, Atanas},
title = {A Study of Event Frequency Profiling with Differential Privacy},
publisher = {{ACM}},
doi = {10.1145/3377555.3377887},
booktitle = {{CC}},
pages = {51–62},
year = {2020}
}

@article{zhlbr-oopsla-2020,
author       = {Hailong Zhang and Yu Hao and Sufian Latif and Raef Bassily and Atanas Rountev},
title        = {Differentially-Private Software Frequency Profiling Under Linear Constraints},
journal      = {Proc. {ACM} Program. Lang.},
volume       = {4},
number       = {{OOPSLA}},
pages        = {203:1--203:24},
doi          = {10.1145/3428271},
year         = {2020}
}

@inproceedings{epk-ccs-2014,
  author       = {{\'{U}}lfar Erlingsson and Vasyl Pihur and Aleksandra Korolova},
  title        = {{RAPPOR:} Randomized Aggregatable Privacy-Preserving Ordinal Response},
  booktitle    = {{CCS}},
  pages        = {1054--1067},
  publisher    = {{ACM}},
  doi          = {10.1145/2660267.2660348},
  year         = {2014}
}

@inproceedings{wblj-usenix-2017,
  author       = {Tianhao Wang and Jeremiah Blocki and Ninghui Li and Somesh Jha},
  title        = {Locally Differentially Private Protocols for Frequency Estimation},
  booktitle    = {{USENIX} Security},
  pages        = {729--745},
  publisher    = {{USENIX}},
  url          = {https://www.usenix.org/conference/usenixsecurity17/technical-sessions/presentation/wang-tianhao},
  urldate      = {2023-09-22},
  year         = {2017}
}

@inproceedings{op-ramss-2004,
  author       = {Alessandro Orso and
                  Adam A. Porter},
  title        = {Second {ICSE} Workshop on Remote Analysis and Measurement of Software
                  Systems {(RAMSS)}},
  booktitle    = {{ICSE}},
  pages        = {775--776},
  publisher    = {{IEEE}},
  doi          = {10.1109/ICSE.2004.10002},
  year         = {2004}
}

@inproceedings{op-ramss-2003,
  author       = {Alessandro Orso and
                  Adam A. Porter},
  title        = {{ICSE} Workshop on Remote Analysis and Measurement of Software Systems
                  {(RAMSS)}},
  booktitle    = {{ICSE}},
  pages        = {791--792},
  publisher    = {{IEEE}},
  doi          = {10.1109/ICSE.2003.1201288},
  year         = {2003}
}

@inproceedings{bkmu-sigcse-2014,
  author       = {Brown, Neil C. C. and Michael K{\"{o}}lling and Davin McCall and Ian Utting},
  title        = {{Blackbox}: A Large Scale Repository of Novice Programmers' Activity},
  booktitle    = {{SIGCSE}},
  pages        = {223--228},
  publisher    = {{ACM}},
  doi          = {10.1145/2538862.2538924},
  year         = {2014}
}

@inproceedings{bask-icer-2018,
  author       = {Brown, Neil C. C. and Amjad AlTadmri and Sue Sentance and Michael K{\"{o}}lling},
  title        = {{Blackbox}, Five Years On: An Evaluation of a Large-scale Programming Data Collection Project},
  booktitle    = {{ICER}},
  pages        = {196--204},
  publisher    = {{ACM}},
  doi          = {10.1145/3230977.3230991},
  year         = {2018}
}

@inproceedings{mk-fie-2014,
  author       = {Davin McCall and Michael K{\"{o}}lling},
  title        = {Meaningful Categorisation of Novice Programmer Errors},
  booktitle    = {{FIE}},
  pages        = {1--8},
  publisher    = {{IEEE}},
  doi          = {10.1109/FIE.2014.7044420},
  year         = {2014}
}

@mastersthesis{m-masters-2016,
  author = {Cormac Murray},
  title = {A Comparative Study of {Java} Compiler Error Profiles Using the {Blackbox} Dataset},
  school = {University College Dublin},
  year = {2016}
}

@inproceedings{ab-sigcse-2015,
  author       = {Amjad AlTadmri and Neil C. C. Brown},
  title        = {37 Million Compilations: Investigating Novice Programming Mistakes in Large-Scale Student Data},
  booktitle    = {{SIGCSE}},
  pages        = {522--527},
  publisher    = {{ACM}},
  doi          = {10.1145/2676723.2677258},
  year         = {2015}
}

@inproceedings{mcpcsprs-abz-2020,
  author       = {Nuno Macedo and
                  Alcino Cunha and
                  Jos{\'{e}} Pereira and
                  Renato Carvalho and
                  Ricardo Silva and
                  Ana C. R. Paiva and
                  Miguel Sozinho Ramalho and
                  Daniel Castro Silva},
  title        = {Experiences on Teaching Alloy with an Automated Assessment Platform},
  booktitle    = {{ABZ}},
  pages        = {61--77},
  publisher    = {Springer},
  doi          = {10.1007/978-3-030-48077-6\_5},
  year         = {2020}
}

@article{mcpcsprs-scp-2021,
  author       = {Nuno Macedo and Alcino Cunha and Jos{\'{e}} Pereira and Renato Carvalho and Ricardo Silva and Paiva, Ana C. R. and Ramalho, Miguel Sozinho and Silva, Daniel Castro},
  title        = {Experiences on Teaching Alloy with an Automated Assessment Platform},
  journal      = {Science of Computer Programming},
  volume       = {211},
  number       = {102690},
  pages = {1--21},
  doi          = {10.1016/j.scico.2021.102690},
  year         = {2021}
}

@article{td-tosem-2001,
  author       = {Frank Tip and T. B. Dinesh},
  title        = {A Slicing-Based Approach for Locating Type Errors},
  journal      = {Transactions on Software Engineering Methodology},
  volume       = {10},
  number       = {1},
  pages        = {5--55},
  doi          = {10.1145/366378.366379},
  year         = {2001}
}

@inproceedings{ekc-wccce-2016,
  author       = {Anthony Estey and
                  Anna Russo Kennedy and
                  Yvonne Coady},
  title        = {{BitFit}: If You Build It, They Will Come!},
  booktitle    = {{WCCCE}},
  pages        = {3:1--3:6},
  publisher    = {{ACM}},
  doi          = {10.1145/2910925.2910944},
  year         = {2016}
}

@mastersthesis{anna-russo-kennedy-ms-2006,
  author = {Kennedy, Anna Russo},
  title = {Towards a Data-Driven Analysis of Programming Tutorials' Telemetry to Improve the Educational Experience in Introductory Programming Courses},
  school = {University of Victoria},
  year = {2006}
}

@article{bmvv-arxiv-2019,
  author       = {Emery D. Berger and Petr Maj and Olga Vitek and Jan Vitek},
  title        = {{FSE/CACM} Rebuttal\({}^{\mbox{2}}\): Correcting {A} Large-Scale Study of Programming Languages and Code Quality in GitHub},
  journal      = {CoRR},
  volume       = {abs/1911.11894},
  url          = {http://arxiv.org/abs/1911.11894},
  eprinttype   = {arXiv},
  eprint       = {1911.11894},
  year         = {2019}
}

@inproceedings{rppd-fse-2014,
  author       = {Baishakhi Ray and
                  Daryl Posnett and
                  Vladimir Filkov and
                  Premkumar T. Devanbu},
  title        = {A Large Lcale Study of Programming Languages and Code Quality in {GitHub}},
  booktitle    = {{FSE}},
  pages        = {155--165},
  publisher    = {{ACM}},
  doi          = {10.1145/2635868.2635922},
  year         = {2014},
}

@inproceedings{khrts-icpc-2012,
author       = {Sebastian Kleinschmager and Stefan Hanenberg and Romain Robbes and {\'{E}}ric Tanter and Andreas Stefik},
title        = {Do Static Type Systems Improve the Maintainability of Software Systems?  An Empirical Study},
booktitle    = {{ICPC}},
pages        = {153--162},
publisher    = {{IEEE}},
doi          = {10.1109/ICPC.2012.6240483},
year         = {2012}
}

@article{bhmvv-toplas-2019,
author       = {Emery D. Berger and Celeste Hollenbeck and Petr Maj and Olga Vitek and Jan Vitek},
title        = {On the Impact of Programming Languages on Code Quality: {A} Reproduction Study},
journal      = {Transactions on Programming Languages and Systems},
volume       = {41},
number       = {4},
pages        = {21:1--21:24},
doi          = {10.1145/3340571},
year         = {2019}
}

@inproceedings{rsgl-cpp-2020,
  author       = {Talia Ringer and Alex Sanchez{-}Stern and Dan Grossman and Sorin Lerner},
  title        = {REPLica: {REPL} instrumentation for Coq analysis},
  booktitle    = {{CPP}},
  pages        = {99--113},
  publisher    = {{ACM}},
  doi          = {10.1145/3372885.3373823},
  year         = {2020}
}

@article{cams-oopsla-2020,
  author       = {Michael J. Coblenz and Jonathan Aldrich and Brad A. Myers and Joshua Sunshine},
  title        = {Can Advanced Type Systems be Usable? An Empirical Study of Ownership, Assets, and Typestate in {Obsidian}},
  journal      = {{PACMPL}},
  volume       = {4},
  number       = {{OOPSLA}},
  pages        = {132:1--132:28},
  doi          = {10.1145/3428200},
  year         = {2020}
}

@InProceedings{bfj-hatra-2021,
  author =       {Lily Brown and Andy Friesen and Alan Jeffrey},
  title =        {Goals of the {Luau} Type System},
  booktitle = {{HATRA}},
  year =      {2021},
  numpages = {7},
  note =    {\url{https://arxiv.org/abs/2109.11397}}
}

@inproceedings{cdhhjklwya-hatra-2020,
  title={User-Centered Programming Language Design: A Course-Based Case Study},
  author={Michael Coblenz and Ariel Davis and Megan Hofmann and Vivian Huang and Siyue Jin and Max Krieger and Kyle Liang and Brian Wei and Mengchen Sam Yong and Jonathan Aldrich},
  booktitle={{HATRA}},
  pages={1--7},
  url={https://arxiv.org/abs/2011.07565},
  urldate={2023-09-23},
  year={2020}
}

@inproceedings{gstf-hatra-2021,
  author       = {Catarina Gamboa and Paulo Alexandre Santos and Christopher Steven Timperley and Alcides Fonseca},
  title        = {User-driven Design and Evaluation of Liquid Types in Java},
  booktitle={{HATRA}},
  pages       = {1--9},
  url          = {https://arxiv.org/abs/2110.05444},
  urldate       = {2023-09-23},
  year         = {2021}
}

@inproceedings{lfgc-pldi-2007,
  author       = {Benjamin S. Lerner and Matthew Flower and Dan Grossman and Craig Chambers},
  title        = {Searching for Type-Error Messages},
  booktitle    = {{PLDI}},
  pages        = {425--434},
  publisher    = {{ACM}},
  doi          = {10.1145/1250734.1250783},
  year         = {2007}
}

@inproceedings{w-popl-1986,
  author       = {Mitchell Wand},
  title        = {Finding the Source of Type Errors},
  booktitle    = {{POPL}},
  pages        = {38--43},
  publisher    = {{ACM}},
  doi          = {10.1145/512644.512648},
  year         = {1986}
}

@article{hw-scp-2004,
  author       = {Christian Haack and Joe B. Wells},
  title        = {Type Error Slicing in Implicitly Typed Higher-Order Languages},
  journal      = {Science of Computer Programming},
  volume       = {50},
  number       = {1-3},
  pages        = {189--224},
  doi          = {10.1016/j.scico.2004.01.004},
  year         = {2004}
}

@article{sjw-jfp-2018,
  author       = {Eric L. Seidel and Ranjit Jhala and Westley Weimer},
  title        = {Dynamic Witnesses for Static Type Errors (or, Ill-Typed Programs Usually Go Wrong)},
  journal      = {{Journal of Functional Programming}},
  volume       = {28},
  pages        = {e13},
  doi          = {10.1017/S0956796818000126},
  year         = {2018}
}

@article{sscwj-oopsla-2017,
  author       = {Eric L. Seidel and Huma Sibghat and Kamalika Chaudhuri and Westley Weimer and Ranjit Jhala},
  title        = {Learning to Blame: Localizing Novice Type Errors with Data-Driven Diagnosis},
  journal      = {{PACMPL}},
  volume       = {1},
  number       = {{OOPSLA}},
  pages        = {60:1--60:27},
  doi          = {10.1145/3138818},
  year         = {2017}
}

@inproceedings{dlc-iticse-2014,
  author       = {Paul Denny and Andrew Luxton{-}Reilly and Dave Carpenter},
  title        = {Enhancing Syntax Error Messages Appears Ineffectual},
  booktitle    = {{ITiCSE}},
  pages        = {273--278},
  publisher    = {{ACM}},
  doi          = {10.1145/2591708.2591748},
  year         = {2014}
}

@article{bgimgm-cse-2016,
  author       = {Brett A. Becker and Graham Glanville and Ricardo Iwashima and Claire McDonnell and Kyle Goslin and Catherine Mooney},
  title        = {Effective Compiler Error Message Enhancement for Novice Programming Students},
  journal      = {Computer Science Education},
  volume       = {26},
  number       = {2-3},
  pages        = {148--175},
  doi          = {10.1080/08993408.2016.1225464},
  year         = {2016}
}

@inproceedings{wk-koli-2020,
  author    = {John Wrenn and Shriram Krishnamurthi},
  title     = {Will Students Write Tests Early Without Coercion?},
  booktitle = {{Koli Calling}},
  pages     = {27:1--27:5},
  publisher = {{ACM}},
  doi       = {10.1145/3428029.3428060},
  year      = {2020}
}

